MISC{xwebsite,
author = {Doe, George},
title = {This is a test test entry of type {MISC} and `howpublished'},
month = jun,
year = {2009},
howpublished={\url{http://www.test.org/doe/}}
}

@inproceedings{grunbacher2003posix,
  title={Posix access control lists on linux},
  author={Gr{\"u}nbacher, A.},
  booktitle={Proceedings of the Annual USENIX Technical Conference, FREENIX Track},
  pages={259--272},
  year={2003}
}

@article{leavitt2012big,
  title={Big Iron Moves Toward Exascale Computing},
  author={Leavitt, N.},
  journal={Computer},
  volume={45},
  number={11},
  pages={14--17},
  year={2012},
  publisher={IEEE}
}

@book{buyya1999high,
  title={High Performance Cluster Computing: Architectures and Systems},
  author={Buyya, R.},
  publisher={Prentice Hall},
  address={Upper SaddleRiver, NJ, USA},
  volume={1},
  year={1999}
}

@article{katz1989disk,
  title={Disk system architectures for high performance computing},
  author={Katz, R.H. and Gibson, G.A. and Patterson, D.A.},
  journal={Proceedings of the IEEE},
  volume={77},
  number={12},
  pages={1842 -1858},
  year={1989},
  publisher={IEEE}
}

@article{keller2001anatomy,
  title={Anatomy of a resource management system for HPC clusters},
  author={Keller, A. and Reinefeld, A.},
  journal={Annual Review of Scalable Computing},
  volume={3},
  number={1},
  pages={1--31},
  year={2001}
}

@inproceedings{arackal2009access,
  title={An access mechanism for Grid GARUDA},
  author={Arackal, V.S. and Arunachalam, B. and Bijoy, MB and Prahlada Rao, BB and Kalasagar, B. and Sridharan, R. and Chattopadhyay, S.},
  booktitle={Internet Multimedia Services Architecture and Applications (IMSAA), 2009 IEEE International Conference on},
  pages={1--6},
  year={2009},
  organization={IEEE}
}

@misc{jackson2006demand,
  title={On-Demand Access to Compute Resources},
  author={Jackson, D.B.},
  year={2006},
  month=apr # "~7",
  publisher={Google Patents},
  note={US Patent App. 11/279,007}
}

@inproceedings{bozzo2006design,
  title={Design, deployment and bench of a large infiniband HPC cluster},
  author={Bozzo-Rey, M. and Jeanson, M. and Nguyen, M.N. and Gauthier, C. and Barrette, M. and Vachon, P. and Gaven-Venet, K. and Lu, H.Z. and Allen, S. and Veilleux, A.},
  booktitle={High-Performance Computing in an Advanced Collaborative Environment, 2006. HPCS 2006. 20th International Symposium on},
  pages={8--8},
  year={2006},
  organization={IEEE}
}

@inproceedings{madai2010performance,
  title={Performance Modeling and MPI Evaluation Using Westmere-based Infiniband HPC Cluster},
  author={Madai, B. and Al-Shaikh, R.},
  booktitle={Computer Modeling and Simulation (EMS), 2010 Fourth UKSim European Symposium on},
  pages={363--368},
  year={2010},
  organization={IEEE}
}

@INPROCEEDINGS{nsa_ime, 
author={Cohen, G.N. and Kamenel, B. and Kubic, C.M.}, 
booktitle={Military Communications Conference, 1996. MILCOM '96, Conference Proceedings, IEEE}, title={Security for integrated IP-ATM/tactical-strategic networks}, 
year={1996}, 
month={oct}, 
volume={2}, 
number={}, 
pages={456 -460 vol.2}, 
keywords={Asynchronous transfer mode;Bandwidth;Communication system security;Costs;Cryptography;Data security;Environmental economics;Military communication;Senior members;US Department of Defense;asynchronous transfer mode;cryptography;data communication;military communication;telecommunication network management;transport protocols;25 Mbit/s;622 Mbit/s;ATM encryptor;Army CECOM;DOD;GTE;MISSI security product family;MSE-based networks;NSA-contracted FASTLANE;TACLANE;TEED IP security;TRI-TAC network;economical high-bandwidth-on-demand service;global communication;integrated IP-ATM/tactical-strategic networks;military planners;military services;mobile environments;radio network extensions;security;tactical IP data networks;}, 
doi={10.1109/MILCOM.1996.569198}, 
ISSN={},}

@MISC{nsa_ime_website,
author = {United States National Security Administration},
title = {Inline Media Encryptor},
month = Jan	,
year = {2009},
howpublished={\url{http://www.nsa.gov/ia/programs/inline_media_encryptor/index.shtml}}
}